@ARTICLE{horridge2007igniting,
  author = {Horridge, M. and Bechhofer, S. and Noppens, O.},
  title = {{Igniting the OWL 1.1 touch paper: The OWL API}},
  journal = {Proc. OWL-ED},
  year = {2007},
  volume = {258},
  publisher = {Citeseer}
}

@ARTICLE{horridge2006manchester,
  author = {Horridge, M. and Drummond, N. and Goodwin, J. and Rector, A. and
	Stevens, R. and Wang, H.H.},
  title = {{The manchester owl syntax}},
  journal = {OWL: Experiences and Directions},
  year = {2006},
  pages = {10--11}
}

@CONFERENCE{horridge2006supporting,
  author = {Horridge, M. and Tsarkov, D. and Redmond, T.},
  title = {{Supporting early adoption of OWL 1.1 with Protege-OWL and FaCT++}},
  booktitle = {{Proc. of the OWL Experiences and Directions Workshop (OWLEDâ€™06) at
	the ISWC}},
  year = {2006},
  volume = {6}
}

@article{Blake2013,
 author={Blake, JA and Dolan, M and Drabkin, H and Hill, DP and Ni, L and Sitnikov, D and Bridges, S and Burgess, S and Buza, T and McCarthy, F and Peddinti, D and Pillai, L and Carbon, S and Dietze, H and Ireland, A and Lewis, SE and \textbf{Mungall, C.J.} and others},
 title={Gene Ontology Annotations and Resources}, 
 volume={41},
 url={http://www.pubmedcentral.nih.gov/articlerender.fcgi?artid=3531070&tool=pmcentrez&rendertype=abstract},
 number={D1},
 pages={D530--D535},
 year={2013},
 journal={Nucleic Acids Research}, 
 author={Consortium, Gene Ontology},
 pmcid={PMC3531070},
}
